@book{garenuovo,
 title={Le Olimpiadi della Matematica},
 author={Barsanti, M. and Conti, F. and De Lellis, C. and Franzoni, T.},
 publisher={Zanichelli},
 year = {2002},
 isbn={978-8808096210},
}

@online{oliforum,
 url={http://www.oliforum.it/},
 title={Oliforum matematico -- il forum ufficiale del Progetto Olimpiadi della Matematica},
 label={For},
}

@book{schedeolimpiche,
 title={Schede Olimpiche},
 author={Gobbino, M.},
 year={2010},
 publisher={Unione Matematica Italiana},
 isbn={978-8896336045},
}

@online{mathlinks,
 title={Art of Problem Solving/Mathlinks},
 url={http://www.artofproblemsolving.com/Forum/portal.php},
 label={ML},
}

@book{paolini,
 title={La matematica delle Olimpiadi},
 author={Paolini, G.},
 year={2012},
 publisher={La Scuola},
 isbn={978-8835029717}
}

@book{dispenseudine,
title={Dispense di Matematica Olimpionica},
url={http://www.dmi.units.it/divulgazione/matCultSoc/olimpia10/gomut/Appunti.html},
year={2011},
publisher={Associazione Subalpina Mathesis},
note={Disponibile via internet},
author={Astolfi, A. and Audrito, G. and Carignano, A. and Tanturri, F.}
}